
\begin{filecontents*}{ref.bib}
@misc{FACIAL,
  title = {{Towards Data Science}, Facial recognition attacks},
  howpublished = "\url{https://towardsdatascience.com/facial-recognition-types-of-attacks-and-anti-spoofing-techniques-9d732080f91e}",
  note = {Accessed: Oct-20},
},

@misc{CANVAS,
  title = {{Lecture slides}, Canvas},
  howpublished = "\url{https://usn.instructure.com/courses/22192/files/folder/Slides-Compact-Version?}",
  note = {Accessed: Oct-20},
}

@misc{FREAK,
  title = {{FREAK}, Wikipedia},
  howpublished = "\url{https://en.wikipedia.org/wiki/FREAK}",
  note = {Accessed: Oct-20},
}
\end{ filecontents*}
