\begin{filecontents*}{ref.bib}

@misc{LETTER,
  title = {{English Letter Frequency}, Cornell University},
  howpublished = "\url{http://pi.math.cornell.edu/~mec/2003-2004/cryptography/subs/frequencies.html}",
  note = {Accessed: Sept-20},
}

@misc{ENIGMA1,
  title = {{Dirk Rijmenants}, Technical Details of the Enigma Machine},
  howpublished = "\url{http://users.telenet.be/d.rijmenants/en/enigmatech.htm}",
  note = {Accessed: Sept-20},
}

@misc{ENIGMA2,
  title = {{CryptoMuseum.com}, Enigma},
  howpublished = "\url{https://www.cryptomuseum.com/crypto/enigma/wiring.htm#7}",
  note = {Accessed: Sept-20},
}

@misc{ASCII,
  title = {{Wikimedia Commons}, ascii-table},
  howpublished = "\url{https://commons.wikimedia.org/wiki/File:ASCII-Table.svg}",
  note = {Accessed: Sept-20},
}


\end{ filecontents*}